2168 3638
396 189 602 258 usuratu.
621 207 678 258 aaa.

507 371 608 412 urarx.

145 432 247 496 Quam
262 430 353 490 multa
366 431 424 489 sint
437 370 577 506 timqnda'
591 432 616 490 si
629 443 750 510 perstas,
765 433 839 517 vide.

147 513 243 572 Nemo
256 523 388 590 potentes
403 513 521 590 aggredi
536 523 614 572 tutus
627 524 729 591 potest.
742 520 812 736 s
909 535 947 574 aaa

407 743 511 804 Issou.
533 743 661 804 Manus.

495 924 596 964 tasou.

145 983 258 1058 Odura
272 983 331 1042 fata
344 1003 466 1062 semper,
478 997 507 1044 et
521 999 626 1046 sortem
642 1005 784 1065 asperam,

146 1065 223 1122 Cum
238 1064 318 1123 saevit
331 1075 361 1124 et
374 1085 442 1124 eum
456 1067 557 1144 parcit,
572 1087 609 1125 ex
622 1087 703 1143 aequo
717 1070 823 1128 malam
836 1067 843 1128 l

146 1144 292 1204 Remedia
304 1145 416 1222 quoties
431 1146 540 1206 invenit
554 1147 637 1207 uobis
652 1149 734 1208 Deus

145 1225 287 1284 Periculis
299 1226 420 1303 pejoral
455 1228 487 1286 Si
502 1228 604 1286 vellem
619 1228 706 1287 fidem

145 1306 286 1365 Praestare
300 1307 410 1366 meritis
424 1308 567 1385 conjugis,
582 1309 639 1368 leto
654 1309 708 1368 fuit
906 1328 944 1368 rat

145 1385 242 1464 Caput
254 1387 432 1446 offerendum
446 1410 452 1448 :
474 1389 499 1446 si
513 1389 585 1448 mori
599 1389 698 1463 nolim,
714 1389 772 1448 fide

144 1465 254 1528 Misero
268 1470 433 1542 carendum²
441 1479 493 1528 est.
535 1468 604 1528 Nou
619 1470 703 1529 timor
718 1471 787 1530 vieit
800 1471 904 1547 virum,

145 1549 205 1606 Sed
219 1549 331 1625 trepida
345 1549 455 1627 pietas:
477 1549 585 1628 quippe
600 1562 767 1627 sequeretur
788 1571 890 1612 necem

144 1627 243 1688 Proles
256 1641 419 1706 parentum.
461 1629 490 1687 Ο
504 1642 614 1704 saneta,
630 1632 654 1689 si
668 1633 775 1692 coelum
792 1632 903 1707 ineolis,

144 1707 273 1784 lustitia,
288 1729 398 1768 numen
414 1709 517 1769 invoco
532 1729 566 1768 aa
580 1722 667 1770 testor
682 1723 773 1770 tuum.
906 1730 945 1772 tro

143 1787 215 1848 Nati
229 1802 339 1868 patrem
353 1791 457 1850 vicere.
498 1790 581 1853 Quin
597 1791 687 1868 ipsam
701 1813 826 1870 quoque,

143 1868 208 1928 Etsi
222 1871 302 1930 ferox
315 1882 359 1930 est
373 1872 470 1940 eorde,
485 1890 542 1929 nee
554 1872 667 1949 patiens
678 1873 751 1950 jugi,

143 1949 304 2010 Consulere
318 1952 395 2010 natis
409 1951 495 2010 malle
509 1971 595 2028 quam
609 1953 743 2012 thalamis
757 1973 831 2012 reor.

98 2037 102 2047 ’
144 2030 302 2091 Constituit
316 2033 430 2092 animus
444 2031 580 2110 precibus
595 2032 696 2092 iratam
712 2035 841 2111 aggredi.

144 2110 251 2186 Atque,
265 2132 346 2186 eece,
360 2113 421 2172 viso
431 2123 538 2172 memet
551 2113 676 2188 exsiluit,
692 2115 779 2172 furit:
906 2133 944 2174 tae

33 2220 37 2228 ·
144 2189 215 2249 Fert.
227 2193 294 2273 odia
307 2213 366 2271 prae
382 2213 431 2265 se;
453 2205 530 2253 totus
544 2194 574 2252 iu
589 2195 669 2253 vultu
684 2204 729 2252 est
742 2193 830 2253 dolor.

482 2293 600 2332 manau.

144 2349 295 2428 Fugimus,
310 2350 408 2427 Iason,
422 2353 557 2431 sugimus.
600 2353 666 2412 Hoe
680 2373 738 2412 nou
759 2368 804 2415 est
826 2375 943 2432 novum,

144 2430 259 2490 Mutare
274 2432 356 2490 sedes
369 2453 375 2491 :
397 2453 486 2492 eausa
499 2434 629 2512 fugiendi
643 2453 718 2494 nova
731 2445 782 2494 est.

143 2510 200 2572 Pro
214 2521 243 2570 te
257 2511 384 2571 solebam
398 2514 497 2592 fugare
510 2535 523 2576 ι,
538 2515 666 2587 diseede,
682 2534 761 2574 exeo.

143 2592 302 2652 Penatibus
316 2594 567 2672 profugere‘quam
582 2595 663 2672 cogis
677 2595 743 2668 tuis,
903 2615 942 2655 rso

144 2673 193 2732 Ad
207 2691 278 2750 quos
291 2674 435 2732 remittisl
456 2675 564 2734 Phasin
579 2686 608 2734 et
623 2675 748 2734 Colchos
761 2687 867 2754 petam,

143 2752 328 2830 Patriumque
343 2767 474 2833 regnum,
486 2775 607 2832 quaeque
622 2755 765 2815 fraternus
777 2777 861 2818 eruor

143 2833 274 2894 Perfudit
288 2838 376 2894 arval
398 2856 469 2912 quas
482 2837 541 2914 peti
555 2847 645 2894 terras
657 2836 761 2913 jubesl

141 2914 219 2977 Quas
233 2915 325 2975 maria
338 2919 497 2976 monstrasl
519 2916 633 2976 Pontiei
648 2918 747 2976 fauces
761 2918 848 2978 fretil

142 2995 197 3054 Per
211 3015 282 3073 quas
295 2997 392 3056 revexi
405 2997 515 3057 nobiles
530 3016 631 3075 regum
642 3017 756 3072 manus,
904 3021 941 3059 ur

142 3075 314 3162 Adulterum
324 3089 436 3138 *secuta
448 3099 499 3157 per
513 3078 742 3156 Symplegadasl
