2168 3638
131 207 169 268 18
379 203 514 256 munna.
532 204 581 256 ru.
595 203 649 256 ace.

127 349 246 409 Imitare
261 369 395 411 amorem.
437 351 549 430 Regias
562 353 646 429 egon'
662 361 695 411 ut
707 349 786 410 laces

128 430 228 489 Inulta
240 432 333 509 patiar
344 433 356 490 l
377 433 474 511 segnis
489 433 538 492 hic
551 433 604 490 ibit
617 432 680 490 dies

128 510 227 570 Tanto
240 513 347 590 petitus
362 515 482 588 ambitu,
493 525 574 572 tanto
587 513 673 570 datus
687 513 699 570 l
888 529 927 568 mc

129 590 209 649 Dum
223 603 300 652 terra
314 593 421 652 coelum
435 595 532 652 media
545 593 681 651 libratum
695 592 778 667 seret,

127 671 158 728 N
160 671 305 749 itidusque
319 685 412 734 certas
426 675 552 731 mundus
566 673 675 736 evolvet
688 674 777 747 vices,

128 751 159 810 N
161 772 335 830 umerusque
350 753 444 812 arenis
458 754 558 827 deerit,
573 763 603 811 et
616 754 705 812 solem
720 753 792 826 dies,

128 831 255 908 Noctem
270 845 425 909 sequentur
440 846 532 904 aetra;
554 834 624 892 dum
639 833 733 891 siccas
746 833 828 911 polus

128 913 265 973 Versabit
279 915 400 986 Arctos3
423 913 545 972 flumina
558 913 588 971 in
602 924 723 990 pontum
737 913 844 972 cadent
852 931 860 984 3
889 927 928 968 tua

127 993 288 1071 Nunquam
304 1013 385 1053 meus
399 995 524 1053 cessabit
537 993 567 1052 in
581 1013 683 1071 poenas
698 994 785 1067 furor,

128 1074 305 1150 crescetque
317 1095 438 1152 semper.
479 1075 557 1137 Quae
573 1075 698 1133 ferarum
712 1073 886 1146 immanitas,

127 1153 206 1216 Quae
222 1154 329 1231 Scylla,
344 1175 408 1232 quae
423 1155 586 1230 Charybdis
602 1154 766 1214 Ausonium
777 1173 856 1212 mare

128 1234 319 1311 Siculumque
328 1237 456 1309 sorbens,
467 1254 588 1312 quaeque
597 1235 781 1292 anhelantem
794 1251 929 1312 premens

128 1313 239 1374 Titana
253 1318 341 1374 tantis
356 1317 446 1375 AEtna
460 1315 593 1375 fervescit
608 1315 716 1372 minisl
889 1329 928 1370 uo

128 1393 197 1454 Non
211 1397 328 1472 rapidus
342 1396 444 1468 amnis,
460 1416 517 1454 non
531 1395 722 1472 procellosum
736 1413 826 1469 mare,

128 1474 293 1552 Pontusque
308 1477 385 1535 Coro
399 1495 502 1548 saevus,
517 1485 567 1532 aut
581 1474 623 1532 vis
637 1474 749 1552 ignium

128 1555 239 1632 Adjuta
253 1555 322 1615 flatu
335 1556 422 1636 possit
436 1555 567 1619 inhibere
582 1554 721 1632 impetum

129 1633 248 1710 Iraeque
262 1648 382 1695 nostras.
425 1636 559 1694 Sternam
573 1647 603 1694 et
616 1647 743 1694 evertam
757 1635 864 1696 omnia.

128 1714 245 1774 Timuit
258 1716 424 1790 Creontem,
440 1736 474 1775 ae
489 1717 564 1774 bella
578 1716 743 1774 Thessalici
753 1717 860 1776 ducisl
890 1731 929 1772 tra

129 1796 221 1855 Amor
235 1795 336 1856 timere
351 1797 497 1856 neminem
511 1817 595 1856 verus
608 1806 709 1874 potest.

130 1877 190 1935 Sed
205 1877 325 1936 cesserit
338 1890 467 1954 coactus,
482 1889 512 1937 et
525 1878 637 1936 dederit
650 1895 770 1946 uranus3

130 1955 224 2015 Adire
239 1970 327 2031 certe,
342 1970 372 2017 et
385 1959 539 2037 conjugem
554 1969 682 2017 extremo
694 1953 799 2031 alloqui

131 2037 271 2098 Sermone
285 2039 391 2117 potuit:
415 2041 470 2096 hoc
483 2057 595 2116 quoque
610 2036 742 2096 extimuit
763 2035 860 2093 feroxl

129 2117 242 2178 Laxare
257 2131 335 2179 certe
349 2131 462 2197 tempus
476 2119 594 2176 immitis
608 2118 684 2194 lugae
891 2131 931 2170 ιω

128 2197 245 2258 Genero
258 2200 373 2260 licebat.
417 2198 530 2258 Liberis
544 2217 621 2255 unus
635 2197 697 2256 dies

132 2276 226 2337 Datus
240 2281 353 2339 duobus
366 2283 372 2340 l
409 2280 478 2339 Non
490 2298 593 2355 queror
607 2287 720 2356 tempus
733 2276 819 2336 breve
832 2297 838 2335 :

131 2357 258 2418 Multum
269 2361 386 2437 patebit.
429 2360 540 2432 Faciet,
556 2357 604 2416 hic
619 2359 706 2416 saciet
720 2357 791 2432 dies,

129 2438 220 2500 Quod
235 2440 333 2499 nullus
347 2459 475 2515 unquam
489 2450 594 2499 taceat.
636 2438 777 2497 lnvadam
798 2437 888 2513 Deos,

130 2517 170 2576 Et
183 2532 291 2579 cuncta
310 2521 446 2597 quatiam.

469 2619 595 2660 uuunrx.

488 2681 601 2759 Recipe
615 2682 763 2740 turbatum
776 2678 869 2752 malis,
889 2694 928 2734 ua

131 2755 222 2833 Hera,
235 2772 357 2838 pectus:
380 2762 508 2822 animum
522 2762 631 2840 mitiga.

470 2862 588 2902 manns.

658 2921 727 2982 Sola
739 2929 784 2978 est
796 2917 888 2995 quies,

131 3003 251 3066 Mecum
265 3005 351 3064 ruina
362 3015 469 3064 cuncta
484 3003 508 3062 si
523 3003 607 3064 video
617 3004 728 3064 obruta.

131 3084 250 3147 Mecum
260 3085 360 3146 omnia
370 3086 482 3144 abeant.
505 3084 646 3160 Trahere,
656 3101 721 3142 cum
730 3099 842 3158 pereas,
850 3079 928 3142 libet.
