2168 3638
402 159 537 212 Manae.
554 159 605 211 111.
621 160 677 212 549.

474 325 596 368 nanas.

522 387 573 446 Sic
588 397 670 448 natos
685 385 781 444 amati

134 467 215 526 Bene
229 477 273 526 est
288 487 295 526 ε
318 479 440 527 tenetur.
480 468 603 526 Vulneri
617 467 710 544 patuit
723 466 813 524 locus.
902 478 942 518 aar

136 549 278 624 Suprema
292 562 370 607 certe
385 549 472 607 liceat
487 549 641 607 abeuntem
656 546 734 623 loqui

136 627 294 686 Mandata:
316 629 403 688 liceat
418 629 550 686 ultimum
567 629 730 719 amplexum
745 626 824 684 dare.

135 709 258 767 Gratum
272 719 316 768 est
329 721 359 767 et
374 709 454 768 illud.
496 709 599 766 Voce
589 728 649 784 jam
658 719 788 766 extrema
801 715 879 783 peto,

77 816 80 826 ·
135 789 230 863 Ne,
209 810 234 848 si
253 809 311 866 qua
324 801 421 848 noster
435 789 541 846 dubius
554 787 660 846 effudit
668 789 758 861 dolor,

137 836 300 928 Maneant
293 889 323 927 m
339 869 436 927 animo
449 870 555 940 verba;
578 871 629 927 sed
644 869 744 928 melior
757 865 811 926 tibi
903 879 942 918 tat

137 949 281 1009 Memoria
294 950 385 1009 nostri
399 951 520 1008 subeat:
536 914 621 1008 liaec
614 970 664 1010 uae
679 950 748 1008 data

137 1031 344 1090 Obliterentur.

495 1130 598 1170 msera.

374 1191 484 1252 Omnia
496 1211 533 1250 ex
548 1191 644 1250 animo
657 1189 763 1267 expuli.

137 1270 310 1348 Precorque,
324 1283 354 1332 et
369 1272 431 1350 ipsa
445 1271 584 1332 fervidam
599 1283 631 1329 ut
645 1281 771 1328 mentem
786 1287 880 1348 regas,

137 1352 312 1430 Placideque
325 1364 440 1412 tractes.
486 1352 622 1410 Miserias
635 1351 706 1410 lenit
716 1349 807 1426 quies.

484 1451 603 1491 manaa.
891 1455 949 1515 ,α’

137 1510 299 1571 Discessit!
322 1511 396 1571 Itan'
411 1514 477 1571 esti
503 1513 583 1572 vadis
596 1512 702 1572 oblitus
716 1511 784 1585 mei,
806 1539 820 1550 ›=
847 1542 851 1566 .·
903 1525 915 1563 t

137 1592 176 1651 Et
190 1605 231 1652 tot
246 1612 374 1652 meorum
390 1593 570 1653 facinorum?
591 1593 753 1653 excidimus
766 1589 840 1650 tibit

137 1672 296 1750 Nunquam
310 1674 485 1733 excidemus.
528 1675 600 1750 Hoc,
610 1694 662 1752 age
675 1667 806 1746 ffimnes
820 1671 929 1730 advoca

136 1754 223 1812 Vires
237 1765 266 1812 et
281 1765 365 1814 artes.
407 1755 532 1815 Fructus
546 1767 590 1814 est
603 1755 744 1814 scelernm
756 1753 819 1825 tibi,

136 1833 166 1893 N
169 1833 259 1892 ullum
271 1835 365 1894 scelus
379 1847 488 1913 putare.
530 1837 589 1896 Vix
603 1835 696 1896 fraudi
711 1846 755 1894 est
768 1834 868 1905 locua;

137 1915 309 1986 Timemur;
332 1916 388 1974 hac
403 1918 570 1994 aggredere,
584 1924 845 2006 quanemopotest
903 1929 942 1968 aas
984 1957 989 1966 .

136 1995 305 2073 Quidquam
321 1995 440 2054 timere:
461 2018 568 2076 perge.
590 2017 670 2056 nunc
685 1995 788 2055 aude'
761 1994 888 2071 r‚ncipe,

136 2076 289 2153 Quidquid
303 2088 394 2154 potes,
409 2076 515 2135 Medea
518 2077 677 2154 ‚quidquid
689 2097 747 2136 non
761 2086 850 2154 potes.

138 2156 198 2230 Tu,
210 2157 268 2216 fida
282 2157 389 2231 nutrix,
403 2157 484 2216 socia
497 2158 626 2216 moeroris
640 2158 708 2232 mei,

96 2243 98 2250 ’
137 2236 277 2313 variique
291 2258 386 2312 casus,
401 2239 508 2298 misera
520 2238 642 2297 consilia
656 2239 768 2315 adjuva.

137 2316 192 2375 Est
204 2319 281 2396 palla
294 2319 387 2392 nobis,
402 2339 508 2377 munus
522 2321 653 2378 aethereae
672 2319 774 2377 domus
904 2331 942 2372 cm

138 2396 294 2474 Decusque
308 2399 401 2490 regni,
415 2400 522 2476 pignus
536 2400 629 2458 AEetae
643 2398 744 2456 datum

139 2478 167 2536 A
183 2478 250 2536 Sole
264 2480 387 2555 generis.
429 2480 482 2538 Est
496 2491 525 2538 et
537 2499 605 2539 auro
618 2478 710 2537 textili

70 2625 78 2642 ι
139 2557 250 2616 Monile
265 2555 395 2636 fulgens;
417 2561 549 2637 quodque
563 2579 742 2651 gemmarum
757 2558 832 2617 nitor

139 2638 300 2716 Distinguit
315 2659 427 2712 aurum,
449 2661 530 2717 quo
520 2640 651 2698 solent'
626 2639 706 2717 cingi
720 2658 822 2700 comae.

140 2718 215 2778 Haec
226 2732 323 2778 nostra
337 2721 397 2778 nati
412 2688 488 2780 dona
501 2721 623 2780 nubenti
642 2721 744 2793 ferant,
903 2733 941 2772 ὅτι

140 2799 199 2857 Sed
215 2811 281 2858 ante
292 2799 362 2859 diris
376 2801 447 2860 illita
462 2821 496 2860 ec
510 2802 601 2860 tincta
615 2801 733 2862 artibus.

140 2879 268 2939 Vocetur
283 2881 415 2940 Hecate:
437 2901 520 2940 sacre
534 2882 662 2942 luctifica
677 2899 792 2960 appara.

140 2961 310 3020 statuantur
324 2982 398 3022 arae:
420 2963 536 3022 damma
546 2963 606 3041 jam
620 2963 809 3023 tectis‘scnet.

544 3065 568 3098 f.
