2168 3638
135 213 156 271 6
375 208 510 259 mansa
528 209 549 260 1.
566 209 605 261 ee.

138 354 232 414 Cedet
245 353 366 414 Castore
381 374 448 414 cum
465 377 518 416 suo

137 435 241 494 Pollux
252 435 389 494 caestibus
404 436 504 513 aptior.

138 515 201 590 Sic,
216 515 269 589 sic,
284 515 441 594 Caelicolae,
456 536 568 595 precor,

136 595 246 654 Vincat
259 596 368 655 semina
388 597 536 676 conjuges,

136 672 190 734 Vir
204 677 290 754 longe
304 687 419 753 superet
433 678 516 737 viros.
557 721 561 726 -
580 708 604 738 ..a
617 681 662 736 est

157 796 160 812 .
176 757 251 815 Haec
264 776 331 814 cum
346 756 471 816 femineo
485 755 614 816 constitit
627 755 658 815 in
672 757 770 833 choro,

136 837 233 896 Unius
246 837 336 896 facies
348 837 481 914 praenitet
493 837 637 896 omnibus.

136 917 188 976 Sic
202 938 269 977 cum
289 918 348 976 sole
362 918 435 994 perit
449 918 578 976 sidereus
592 918 689 992 decor,

83 997 90 1014 ⁶
134 999 173 1057 Et
186 997 270 1057 densi
283 997 396 1056 latitant
410 997 560 1056 Pleiadum
574 1017 688 1076 greges,

135 1079 211 1136 Cum
227 1078 335 1136 Phcebe
351 1078 473 1137 solidum
488 1079 596 1136 lumine
608 1099 667 1138 non
682 1099 735 1138 suo

133 1157 244 1216 Orbem
259 1158 388 1218 circuitis
402 1160 537 1218 cornibus
552 1159 658 1237 alligat.

134 1237 223 1298 Ostro
237 1239 279 1297 sic
293 1239 394 1298 niveus
407 1240 531 1317 puniceo
542 1239 620 1298 color

134 1319 272 1380 Perfusus
285 1320 383 1378 rubuit
398 1340 404 1377 :
426 1320 469 1378 sio
483 1319 606 1378 nitidum
617 1319 703 1396 jubar
898 1335 935 1376 roo

134 1399 235 1459 Pastor
249 1400 315 1458 luce
329 1419 403 1458 nova
416 1400 547 1458 roscidus
562 1399 693 1476 adspicit.

133 1479 258 1558 Ereptus
271 1480 406 1538 thalamis
415 1480 556 1538 Phasidos
570 1478 703 1553 horridis,

135 1560 261 1618 Effrenae
275 1559 377 1622 solitus
388 1570 506 1636 pectora
519 1559 653 1637 conjugis

134 1639 230 1699 Invita
243 1640 371 1718 trepidus
385 1641 525 1717 prendere
546 1641 675 1714 dextera,

134 1719 218 1778 Felix
229 1720 355 1779 AEoliam
367 1720 478 1797 corripe
494 1721 635 1798 virginem
897 1736 934 1776 ros

134 1800 224 1859 Nunc
237 1801 362 1878 primum
377 1801 494 1874 soceris,
509 1821 624 1879 sponse,
641 1799 811 1859 volentibus.

132 1881 290 1952 Concesso,
302 1880 433 1958 juvenes,
447 1881 537 1940 ludite
549 1879 653 1959 jurgio.

78 2015 81 2022 .
110 1956 114 1969 ⁸
133 1961 214 2020 Hinc
228 1961 319 2034 illinc,
331 1963 461 2038 juvenes,
476 1962 580 2020 mittite
594 1959 734 2021 carmina.

70 2041 76 2055 “
131 2041 214 2100 Rara
227 2053 271 2100 est
281 2041 312 2118 ip
326 2041 457 2099 dominos
468 2041 545 2118 justa
558 2040 687 2099 licentia.

172 2123 307 2181 Candida
319 2121 471 2198 thyrsigeri
485 2121 578 2198 proles
589 2139 730 2198 generosa
744 2118 834 2196 Lyaei,
896 2135 933 2175 uo

132 2201 307 2261 Multifidam
319 2202 378 2279 jam
393 2212 506 2278 tempus
520 2211 582 2258 erat
593 2201 771 2260 succendere
784 2199 905 2277 pinum:

132 2283 245 2342 Excute
260 2283 416 2348 solemnem
431 2281 529 2359 digitis
543 2280 740 2340 marcentibus
754 2281 860 2359 ignem
905 2320 918 2346 „1

132 2363 221 2422 Festa
234 2357 320 2421 dicax
334 2363 435 2420 fundat
449 2361 581 2420 convicia
596 2361 798 2420 Fescenninus
811 2382 818 2420 :

133 2445 231 2503 Scluat
244 2444 329 2502 turba
340 2443 429 2520 jocos.
472 2441 586 2500 Tacitis
600 2453 647 2500 eat
662 2443 711 2501 ilia
725 2440 863 2516 tenebris,

133 2525 166 2583 Si
187 2543 244 2602 qua
260 2522 412 2602 peregrino
426 2523 511 2580 nubit
524 2522 646 2599 fugitiva
659 2523 772 2582 marito.
894 2540 931 2578 us

164 2775 189 2808 v.
204 2757 247 2808 tte.
264 2755 311 2805 Vir
321 2755 399 2820 longe
410 2762 547 2820 utsuperat
558 2754 635 2804 viros.
669 2755 744 2820 Conj.
766 2755 836 2820 Lips.

164 2839 189 2872 v.
201 2822 241 2872 95.
259 2821 303 2870 Sic
315 2836 375 2870 curn
391 2819 444 2869 sole
461 2819 527 2884 perit
537 2819 661 2869 sideribus
672 2820 756 2869 decor.
