2168 3638
383 159 387 174 ’
433 181 576 271 manna.¹
588 184 620 232 v.
637 183 709 235 1012.
913 183 953 242 39
993 259 996 266 A

103 343 107 356 ·
149 329 185 388 In
199 340 291 388 matre
302 327 326 387 si
347 329 423 404 quod
437 327 542 405 pignus
556 329 715 388 etiamnum
729 329 809 403 latet,

150 412 308 470 Scrutabor
322 429 392 467 ense
407 408 527 482 viscera,
542 416 573 467 et
585 411 659 469 ferro
673 411 831 470 extraham.

498 509 598 548 rison.

149 570 215 629 Jam
229 590 335 648 perage
350 579 476 644 coeptum
493 569 616 643 facinus,
631 571 708 628 haud
723 571 798 628 ultra
812 589 931 647 precor;

85 669 90 678 ·
149 650 321 726 Moramque
336 649 437 707 saltem
452 650 600 726 suppliciis
615 654 691 710 dona
701 651 780 711 meis.
904 667 953 705 mm

449 775 452 780 .
494 750 612 789 raanan.

149 811 301 890 Perfruere
315 811 394 870 lento
405 810 513 868 scelere
526 831 532 882 ;
548 831 585 869 ne
599 831 730 888 propera,
747 810 834 868 dolor.

150 891 236 976 Meus
250 893 313 950 dies
327 903 390 949 est:
412 902 540 967 tempore
553 903 671 969 accepto
686 891 804 951 utimur.

501 990 600 1032 iason.

151 1041 261 1111 Infesta
275 1062 382 1111 memet
396 1051 515 1130 perime.

487 1152 604 1191 Manna,
617 1159 625 1182 ¹

169 1164 188 1187 .,
199 1165 213 1188 ,,

148 1204 202 1240 ’Ἢ
547 1212 680 1272 Misereri
692 1212 785 1290 jubes.

58 1363 63 1372 Ι
78 1311 113 1368 ᾗ,
150 1289 306 1362 Βεηο”εεῐ;
321 1303 471 1368 peractum
481 1304 533 1351 est.
576 1293 663 1352 Plura
677 1313 735 1352 non
750 1290 849 1362 habui,
864 1289 954 1363 dolor,

68 1369 95 1393 '³‘
112 1373 116 1398 ³
150 1373 228 1435 Quae
242 1373 294 1430 tibi
308 1373 441 1450 litarem.¹
471 1373 600 1432 Lumina
614 1375 673 1432 huc
684 1373 796 1432 tumida
810 1371 912 1444 alleva,

149 1453 268 1531 Ingrate
282 1453 379 1512 Iason.
421 1454 584 1532 Conjugem
599 1453 732 1531 agnoscis
743 1453 844 1512 tuaml
905 1467 954 1506 mai

151 1535 203 1594 Sic
219 1535 317 1611 lugere
332 1534 418 1594 salec.
461 1535 558 1594 Patuit
573 1535 603 1592 in
618 1534 722 1593 coelum
737 1534 792 1592 via.

101 1627 104 1639 ‘
152 1617 312 1692 squamosa
323 1614 433 1692 gemini
447 1615 522 1674 colla
532 1626 680 1692 serpentes
691 1615 763 1692 jugo

151 1695 302 1754 Submissa
315 1696 453 1772 praebent.
496 1695 610 1772 Recipe
623 1695 682 1772 jam
696 1707 779 1756 natos
792 1711 905 1773 parens.

151 1776 215 1854 Ego
229 1775 304 1834 inter
319 1794 404 1835 auras
418 1775 480 1834 aliti
490 1795 577 1834 curru
598 1775 695 1835 vehar.
905 1787 954 1829 rma

502 1874 603 1915 maon.

150 1936 206 1996 Per
221 1936 278 1996 alta
291 1937 364 1995 vade
378 1935 472 2014 spatia
485 1936 601 1994 sublimi
616 1936 745 1996 aetheris:

151 2017 274 2078 Testare
288 2017 381 2078 nullos
396 2037 470 2092 esse,
484 2036 543 2094 qua
555 2017 678 2093 veheris,
693 2017 779 2078 Deos.
