2168 3638
393 177 531 230 MEDEA.
548 180 597 229 111.
614 177 670 230 5⁷9.

475 405 610 464 Cnosos.

145 567 273 627 Nulla
249 588 290 625 vis
302 565 425 640 flammae
440 565 599 641 tumidique
612 567 689 626 venti

145 649 252 723 Tanta,
267 667 323 707 neo
337 645 388 704 teli
403 647 558 703 metuenda
572 647 648 720 torti,
810 685 851 749 q

144 729 267 792 Quanta
281 711 349 786 euin
363 726 470 802 conjux
484 727 601 784 viduata
614 727 699 786 taedis
733 723 814 790 tlwrl

384 807 476 864 Ardet
490 818 519 864 et
531 804 600 865 odit

143 889 213 957 Non
226 889 276 947 ubi
291 887 426 946 hibernos
440 887 595 944 nebulosus
607 888 714 946 imbres

145 972 253 1028 Auster
266 967 389 1040 advexit,
401 978 588 1044 properatque
602 980 713 1027 torrens

143 1049 228 1123 Ister,
240 1060 269 1108 et
280 1049 396 1126 junctos
411 1059 486 1104 vetat
501 1067 563 1105 esse
577 1061 689 1124 pontes,

381 1127 429 1185 Ao
443 1146 532 1204 vagus
544 1141 629 1189 errat.

143 1207 212 1267 Non
226 1207 277 1266 ubi
293 1207 412 1284 impellit
426 1207 589 1266 Rhodanus
602 1209 775 1286 profundum
783 1229 791 1280 ;

144 1289 206 1348 Aut
220 1289 270 1346 ubi
284 1289 314 1346 in
329 1288 404 1348 rivos
417 1287 531 1346 nivibus
546 1289 646 1348 solutis

145 1369 212 1426 Sole
223 1369 284 1446 jam
299 1369 364 1428 sorti
378 1368 529 1445 medioque
544 1388 609 1427 vere

382 1448 493 1506 Tabuit
508 1449 639 1511 Haemus.

144 1527 250 1588 Caeous
264 1539 308 1587 est
322 1527 399 1605 iguis
413 1529 575 1588 stimulatus
590 1531 648 1602 ira;

143 1609 173 1666 N
175 1630 209 1668 eo
223 1610 286 1687 regi
300 1619 381 1666 ourat
384 1609 547 1685 ‚patiturve
562 1611 666 1670 frenos.

145 1689 235 1749 Haud
250 1690 334 1748 timet
347 1700 488 1747 mortem:
504 1690 584 1767 eupit
599 1691 640 1750 ire
653 1692 682 1750 iu
698 1692 774 1770 ipsos

386 1769 499 1827 Obvius
513 1791 606 1828 enses.

53 1915 56 1925 ¹
143 1849 270 1924 Parcite,
284 1871 303 1909 o
319 1849 402 1908 Divi!
420 1851 532 1908 veniam
548 1871 708 1927 precamur,
733 1911 748 1936 ‚

144 1930 231 1989 Vivat
245 1942 277 1988 ut
291 1942 379 2003 tutus,
394 1949 474 1987 mare
488 1950 537 2006 qur
529 1931 673 2008 subegit.
701 1969 707 1984 .

144 2013 203 2090 Sed
218 2011 286 2070 furit
299 2010 376 2068 viuoi
390 2010 525 2068 dominus
538 2011 672 2088 profundi

383 2090 491 2168 Regna
506 2093 643 2150 secunda.

144 2169 243 2227 Ausus
258 2182 380 2229 aeternos
395 2172 503 2246 agitare
515 2192 626 2245 currus,

144 2248 299 2308 Immemor
313 2262 397 2308 metae
410 2251 524 2326 juvenis
537 2263 675 2329 paternae,

143 2330 228 2392 Quos
241 2329 306 2406 polo
317 2330 420 2407 sparsit
434 2332 578 2390 furiosus
572 2353 664 2410 ignee,

353 2410 448 2488 lpse
459 2412 577 2488 recepit

88 2510 132 2524 ···
143 2439 247 2554 Coirsti
247 2463 281 2548 iit
286 2459 405 2547 riulli
381 2511 426 2549 via
440 2504 509 2550 nota
521 2513 635 2570 magne.

143 2560 247 2628 Vade
231 2590 306 2646 ,qua
319 2581 412 2628 tutum
426 2573 530 2649 populo
543 2574 649 2650 priori:

143 2651 260 2746 Rumpe
275 2670 331 2709 neo
343 2671 435 2725 sacro,
450 2653 583 2727 violente,
599 2666 700 2713 saneta

113 2743 117 2750 '
385 2732 508 2792 Foedera
521 2702 630 2792 muiidi

141 2812 283 2889 Quisquis
298 2813 417 2872 audacis
428 2814 522 2892 tetigit
536 2815 641 2873 carinae

142 2892 264 2952 Nobiles
278 2915 372 2953 remos
374 2897 576 2971 ,nemorisque
591 2897 665 2953 sacri

143 2973 242 3032 Pelion
258 2976 349 3034 densa
363 2975 495 3066 spoliavit
509 2976 625 3046 umbra3

141 3053 304 3131 Quisquis
298 3056 414 3194 intravgt
427 3056 559 3134 scopulos
573 3067 719 3136 vagantes,
