2168 3638
129 142 171 202 22
357 139 492 190 unone.
509 139 558 191 111.
575 141 631 190 cor.

471 305 591 346 nunus.

448 366 574 440 Abdico,
588 366 680 444 ejuro,
695 365 799 425 abnuo.

131 443 209 504 Meis
223 444 334 504 Creusa
347 445 446 512 liberis
460 448 561 506 fratres
575 448 678 506 dabitt

477 546 578 586 rusou.

131 604 250 684 Regina
263 606 340 666 natis
353 608 495 680 exsulum,
511 607 624 666 afflictis
637 617 748 686 potens.

471 707 590 746 unone.

129 765 199 826 Non
213 767 310 826 veniat
323 787 449 845 unquam
464 777 523 826 tam
538 767 630 826 melus
644 767 757 827 miseris
767 767 839 843 dies,
890 787 931 826 oro

130 847 194 910 Qui
208 849 286 924 prole
300 849 378 907 foeda
391 849 511 906 misceat
520 849 629 925 prolem
644 848 784 918 inclitam,

131 928 235 988 Pboebi
248 940 367 1006 nepotes
382 929 498 1006 Sisyphi
511 929 672 1006 nepotibus.

479 1027 582 1070 rusou.

129 1088 223 1163 Quid,
237 1089 353 1164 misera,
366 1109 469 1168 meque
483 1101 568 1167 teque
582 1089 613 1149 in
624 1089 743 1153 exitium
758 1091 869 1150 trahis?

132 1172 279 1246 Abscede,
293 1191 401 1250 quaeso.

472 1269 591 1310 Munus.

461 1331 629 1408 Supplicem
643 1329 752 1390 audivit
765 1331 850 1392 Orco.

481 1429 581 1469 rusou.

129 1489 214 1554 Quid
228 1491 324 1552 secere
338 1490 454 1570 possim,
468 1491 610 1567 eloquere.

473 1591 593 1632 uenus.

611 1651 667 1711 Pro
681 1655 745 1712 met
767 1653 811 1712 vel
825 1652 929 1712 scelus.

480 1750 582 1792 rison.

133 1812 213 1872 Hinc
226 1831 287 1886 rex,
302 1823 332 1872 et
345 1811 434 1873 illinc.

472 1912 591 1953 unone.

489 1975 542 2033 Est
552 1985 582 2032 et
595 1971 640 2032 his
654 1972 745 2051 major
759 1983 863 2048 metus,
890 1990 930 2030 uc

132 2053 248 2114 Medea.
290 2052 354 2114 Nos
368 2052 524 2132 confligere
538 2064 692 2128 certemus,
707 2053 789 2126 sine;

132 2135 179 2195 Sit
192 2134 316 2214 pretium
337 2135 434 2196 Iason.

482 2231 580 2273 rusou.

490 2294 572 2353 Cedo
585 2291 716 2352 defessus
728 2291 821 2354 melis.

132 2375 172 2435 Et
185 2375 248 2454 ipsa
260 2395 346 2436 casus
359 2395 435 2454 saepe
446 2375 508 2453 jem
521 2385 652 2452 expertos
665 2374 746 2434 time.

469 2475 588 2514 uuour.

132 2535 264 2596 Fortuna
283 2555 396 2615 semper
409 2535 503 2596 omnis
518 2535 594 2595 intra
606 2555 654 2596 me
667 2535 754 2596 stetit.
893 2551 932 2590 ooo

484 2635 583 2675 rison.

133 2697 260 2756 Acastus
274 2694 361 2756 instat
374 2717 382 2770 ;
403 2697 516 2777 propior
530 2708 573 2756 est
588 2697 676 2758 hostis
689 2695 774 2756 Creo.

469 2797 587 2836 nunus.

132 2855 292 2934 Utrumque
306 2859 436 2935 profuge.
477 2858 554 2918 Nolo
569 2871 600 2917 ut
621 2861 651 2918 in
663 2874 795 2918 socerum
809 2871 912 2914 manus

134 2939 258 3009 Armes3
281 2957 347 3014 nec,
363 2951 395 2998 ut
408 2949 436 2998 te
450 2940 531 2998 caede
545 2952 670 3016 cognate
690 2937 832 3014 inquines,

133 3017 241 3078 Medea
254 3019 349 3103 cogit:
373 3020 513 3080 innocens
526 3039 641 3079 mecum
656 3020 731 3096 fuge.
