2168 3638
132 148 176 244 ,⁴36
387 167 525 218 nunna,
543 169 574 219 v,
591 169 646 220 91⁷.

100 377 103 385 Ι
135 308 269 370 Intendis
284 310 358 370 hosti
372 313 452 373 telal
473 313 583 374 Nescio
597 315 666 393 quid
681 315 761 376 seroir

134 389 272 450 Decrevit
284 392 397 452 animus
412 394 499 471 intus,
514 407 544 454 et
557 397 685 455 nondum
700 397 755 454 sibi

136 472 235 530 Audet
244 471 341 530 lateri.
384 475 479 534 Stulta
491 477 641 553 properavi
653 477 750 534 nimis.

134 551 180 609 Ex
193 551 296 629 pellice
311 553 422 614 utinam
438 556 543 615 liberos
557 557 646 614 hostis
661 577 743 614 meus
903 577 946 614 cm

134 633 257 708 Aliquos
271 633 408 693 haberet!
430 635 582 711 Quidquid
597 656 633 694 ex
648 637 698 696 illc
709 639 790 695 tuuin
804 649 858 713 est,

79 723 85 736 '
133 712 247 772 Creusa
258 715 387 790 peperit:
402 715 511 793 placuit
526 718 581 774 hoc
595 737 688 792 poenua
702 737 806 793 genus,

132 793 295 871 Meritoque
306 794 424 870 placuit.
466 795 607 853 Ultimum
624 817 752 874 agnosco
767 799 871 858 scelus.

132 875 253 958 Anime⁴
265 876 425 950 parandum
439 886 491 934 est.
534 876 633 936 Liberi
647 879 791 953 quondam
806 880 874 954 mei,

130 955 191 1014 Vos
205 976 256 1033 pro
269 955 397 1028 paternis
412 955 570 1014 sceleribus
583 977 685 1034 poenas
699 959 775 1018 date.
898 978 940 1016 ccc

132 1036 190 1095 Cor
203 1032 313 1113 pepulit
322 1036 420 1095 horror
433 1056 439 1094 :
461 1037 591 1096 membra
605 1049 773 1115 torpescunt
785 1040 863 1118 gelu,

130 1116 293 1193 Pectusque
307 1116 433 1200 trerquit.
474 1117 524 1176 Ira
537 1117 670 1178 discessit
682 1118 765 1177 loco:

112 1236 116 1247 r
129 1197 278 1275 Materque
294 1209 355 1274 tota
367 1196 492 1275 conjuge
506 1198 719 1276 expulsaredit.

130 1275 223 1354 Egon’
238 1289 271 1337 ut
281 1297 409 1338 meorum
421 1278 544 1358 liberum
559 1298 593 1336 ac
607 1279 693 1355 prolis
704 1298 777 1338 meae

130 1356 264 1417 Fundam
279 1361 431 1420 cruoreml
453 1358 565 1432 melius,
581 1360 616 1416 alr
632 1360 753 1417 demens
774 1359 868 1418 furor!
897 1378 940 1417 sao

129 1437 317 1515 Incognitum
332 1439 408 1497 istud
422 1438 536 1496 lacinus
551 1458 586 1496 ac
597 1439 692 1498 dirum
707 1441 790 1498 nelas

129 1519 157 1576 A
172 1538 219 1576 me
233 1539 345 1596 quoque
361 1518 442 1576 absit.
483 1518 573 1581 Quod
585 1520 679 1578 scelus
693 1520 791 1578 miseri
804 1520 905 1580 luentl

130 1598 233 1657 Scelus
246 1615 291 1659 est
304 1600 390 1658 lason
405 1598 528 1675 genitor,
542 1611 572 1657 et
586 1600 678 1677 majus
689 1601 784 1658 scelus

131 1677 238 1738 Medea
249 1698 348 1740 mater.
390 1678 550 1737 Occidunt:
573 1700 631 1738 non
645 1692 713 1738 sunt
726 1681 793 1739 mei.

128 1759 276 1820 Pereantl
298 1759 354 1818 mei
370 1770 456 1818 sunt:
479 1759 600 1818 crimine
615 1771 644 1818 et
664 1760 751 1836 culpa
765 1771 875 1820 carent.
896 1779 935 1818 css

131 1839 206 1898 Sunt
220 1840 410 1900 innocentes:
433 1840 541 1899 fateor:
564 1851 593 1898 et
604 1841 689 1898 frater
704 1841 767 1898 luit.

128 1919 222 1994 Quid,
237 1921 342 1994 anime,
357 1919 483 1978 titubasl
504 1941 555 1980 ora
568 1921 636 1997 quid
650 1919 797 1978 lachrimae
807 1919 936 1999 rigantl¹

129 2000 305 2080 Variamque
319 2020 399 2059 nunc
413 2001 470 2058 huc
485 2001 537 2074 ira,
552 2021 632 2059 nunc
646 2000 715 2059 illuc
726 2021 804 2060 amor

130 2079 273 2141 Diducit‘l
302 2082 421 2157 Anceps
437 2091 524 2138 aestus
535 2081 675 2138 incertam
689 2081 773 2158 rapit.

130 2161 172 2220 Ut
185 2182 262 2222 seva
274 2161 368 2240 rapidi
381 2159 457 2220 bella
470 2179 537 2218 cum
552 2161 628 2218 venti
643 2172 758 2237 gerunt,
894 2179 933 2218 cru

130 2241 281 2320 Utrimque
294 2243 399 2302 fluctus
413 2241 504 2300 maria
515 2239 661 2300 discordes
676 2253 775 2318 agunt,

130 2323 316 2400 Dubiumque
330 2322 450 2401 pelagus
464 2321 571 2392 lervet;
594 2322 672 2379 haud
684 2322 765 2380 aliter
780 2340 876 2380 meum
915 2367 928 2392 ,
960 2363 964 2374 .

131 2403 190 2462 Cor
200 2403 371 2462 fluctuatur:
392 2401 581 2478 impietatem
596 2402 685 2479 fugat,

130 2483 264 2560 Iramque
278 2484 378 2561 pietas.
421 2482 502 2540 Cede
515 2481 626 2560 pietati,
642 2482 731 2542 dolor.

131 2563 210 2636 Huc,
225 2584 294 2622 cara
307 2563 410 2640 proles,
425 2561 545 2620 unicum
557 2561 669 2620 afflictae
683 2564 786 2621 domus
805 2589 810 2593 ·
896 2581 934 2620 nra

132 2644 278 2716 Solamen,
294 2646 352 2702 huc
367 2662 416 2702 vos
431 2643 512 2716 lerte,
527 2654 556 2700 et
571 2643 680 2700 infusos
695 2643 766 2700 milri
789 2667 796 2684 ε
871 2663 874 2677 ·
889 2657 907 2676 ’κ

131 2724 308 2801 conjungite
323 2735 408 2782 artus.
452 2722 568 2781 Habeat
582 2717 741 2781 incolumes
755 2735 845 2799 pater,

131 2803 210 2862 Dum
224 2815 254 2862 ct
267 2815 357 2862 mater
371 2803 485 2862 habeat.
529 2804 618 2880 Urget
631 2803 764 2860 exsilium
779 2823 814 2874 aq
826 2805 902 2878 luga.

131 2884 149 2940 J
152 2904 198 2942 am
209 2883 270 2961 jam
285 2905 349 2944 meo
363 2883 510 2961 rapientur
526 2883 616 2942 avulsi
630 2905 646 2941 e
658 2884 723 2941 sinu

129 2963 258 3039 Flentes,
272 2975 430 3042 gementes.
471 2964 589 3022 Osculis
607 2975 726 3041 pereant
740 2963 843 3039 patris;
895 2982 935 3019 cau

129 3043 244 3105 Periere
258 3046 366 3106 matris.
408 3046 523 3104 Rursus
547 3045 683 3118 increscit
696 3044 785 3129 dolor,
