2168 3638
455 145 593 196 Monuit.
610 144 643 196 V.
660 145 716 196 887.

171 293 245 354 Urbi
256 293 381 356 timetur.
438 268 446 286 ⁸

513 391 642 432 cuorus.

415 452 504 512 Unda
518 453 651 510 flammas
664 451 816 530 opprimet.

503 553 650 592 nunnius.

171 614 210 674 Et
221 615 276 674 hoc
291 615 321 674 in
333 614 388 672 ista
402 613 485 672 clade
500 613 667 672 mirandum
684 611 809 683 accidit;

170 697 233 754 Alit
247 698 327 756 unda
341 693 490 766 flammam
505 714 619 770 quoque
633 694 801 771 prohibetur
812 691 915 786 magis,

171 775 268 855 Magis
282 777 364 836 ardet
378 775 462 854 iguis.
505 775 575 852 Ipsa
588 775 723 852 praesidia
733 785 865 852 occupat.
941 790 979 828 suo

514 875 640 915 Nuvnrx.

170 937 250 994 Effer
265 937 385 996 citatum
401 937 469 995 sede
484 937 610 1014 Pelopea
623 937 758 1014 gradum,

170 1016 296 1077 Medea:
317 1037 447 1095 praeceps
462 1019 606 1094 quaslibet
619 1029 709 1076 terrae
722 1026 813 1099 pete.)⁸

522 1117 639 1156 manen.
783 1116 788 1124 ’

170 1175 264 1254 Egon'
281 1191 312 1236 ut
326 1178 484 1236 recedam?
507 1179 539 1236 Si
552 1177 743 1256 profugissem
757 1175 846 1253 prius,

167 1257 216 1315 Ad
232 1259 287 1317 hoc
300 1257 433 1316 redirem.
475 1258 601 1336 Nuptias
615 1269 714 1336 specto
728 1277 825 1318 novae.

167 1337 260 1422 Quid,
276 1339 381 1412 anime,
397 1341 516 1397 cessae?
538 1359 658 1416 sequere
673 1339 789 1398 felicem
806 1337 953 1416 impetum.

166 1418 238 1476 Pars
252 1418 370 1484 ultionis
385 1419 449 1492 ista,
464 1439 522 1496 qua
535 1421 656 1496 gaudee,
668 1429 759 1495 quota
770 1421 833 1478 est!
937 1437 975 1475 ooo

167 1499 260 1558 Amas
275 1500 381 1572 adhuc,
396 1500 512 1573 furiosa,
529 1499 553 1558 si
568 1500 638 1562 satis
648 1499 755 1558 esttibi

167 1579 284 1638 Coelebs
299 1581 395 1638 Iason.
436 1581 547 1644 Quaere
561 1599 712 1659 poenarum
726 1599 821 1658 genus

167 1658 256 1718 Haud
271 1661 427 1720 usitatum:
447 1661 563 1738 jamque
578 1661 620 1720 sic
632 1671 720 1720 temet
733 1680 813 1738 para.

167 1738 225 1798 Fas
238 1761 324 1800 omne
336 1741 439 1800 cedat:
461 1743 547 1800 abeat
560 1741 698 1819 expulsus
711 1742 815 1818 pudor.
935 1759 973 1798 eoo

166 1819 305 1880 Vindicta
314 1822 385 1880 levis
399 1833 453 1895 est,
467 1839 554 1898 quarn
569 1823 665 1882 ferunt
677 1841 757 1899 purae
772 1842 884 1882 manus.

165 1899 309 1960 Incumbe
324 1902 353 1960 iu
365 1903 432 1976 iras,
448 1913 533 1978 teque
545 1902 732 1980 languentem
747 1903 843 1962 excita
854 1924 861 1974 ;

126 2035 145 2069 ,Ι
165 1980 341 2059 Penitusque
355 1993 469 2041 veteres
482 1993 599 2060 pectore
613 2003 648 2042 ex
663 1984 721 2042 imo
733 1983 859 2060 impetus

96 2092 118 2140 p
143 2061 317 2121 sViolentus
332 2062 424 2122 hauri.
455 2063 611 2140 Quidquid
623 2065 785 2150 admissum
807 2075 851 2122 est
865 2064 971 2138 adhuc,

105 2146 117 2174 ³
164 2140 261 2200 Pietas
274 2153 400 2217 vocetur.
416 2144 483 2202 Hoc
499 2164 568 2221 age:
590 2156 618 2203 et
633 2145 708 2221 sarto,
721 2143 848 2218 sciant,¹
879 2163 887 2170 ”
933 2163 971 2224 ocu

163 2221 264 2284 Quam
273 2222 347 2280 levia
362 2224 477 2298 fuerint,
492 2244 634 2303 quamque
645 2224 772 2302 vulgaris
785 2235 870 2300 notae,
886 2235 891 2248 '
908 2242 921 2307 j
940 2223 945 2232 “

163 2301 241 2363 Quae
256 2303 437 2362 commodavi
451 2306 569 2364 scelera.
611 2304 737 2381 Prolusit
751 2305 831 2364 dolor
857 2339 860 2348 ν

163 2381 219 2440 Per
231 2383 286 2440 ista
299 2394 413 2444 noster:
434 2385 503 2460 quid
519 2405 622 2444 manus
635 2396 768 2464 poterant
779 2386 865 2445 rudes

163 2463 283 2522 Audere
299 2467 460 2540 magnum?
481 2465 549 2542 quid
563 2467 699 2544 puellaris
710 2467 808 2525 furori

162 2545 268 2604 Medea
281 2563 362 2602 nunc
376 2565 456 2602 sum:
479 2549 570 2608 crevit
581 2547 732 2624 ingenium
748 2546 839 2606 malis.
932 2549 970 2606 'oro

162 2625 260 2699 Juvat,
273 2624 354 2702 juvat
364 2625 492 2702 rapuisse
502 2627 659 2686 fraternum
673 2638 776 2705 caput;

162 2706 252 2764 Artus
264 2705 346 2782 juvat
357 2705 494 2780 secuisse,
508 2719 538 2767 et
552 2727 658 2767 arcano
671 2719 781 2786 patrem

162 2786 308 2863 Spoliasse
323 2807 413 2847 sacro.
456 2787 543 2847 Juvat
557 2789 587 2848 in
602 2788 722 2849 exitium
739 2787 818 2847 senis

162 2866 301 2926 Armasse
316 2879 407 2927 natae.
450 2867 560 2931 Quaere
576 2869 737 2942 materiam,
752 2870 852 2928 dolor:

159 2946 208 3004 Ad
221 2969 309 3008 ornne
324 2949 438 3009 facinus
451 2967 510 3009 non
524 2951 626 3010 rudem
641 2951 772 3011 doxuam
787 2951 897 3014 afferes.
928 2969 966 3008 ors

159 3026 233 3090 Quo
247 3039 275 3088 te
289 3029 387 3110 igitur,
412 3029 466 3107 ira,
479 3029 570 3092 mittis
583 3034 596 3090 t
618 3043 668 3092 aut
680 3051 744 3111 que
757 3033 869 3112 perfido
