2168 3638
130 191 171 251 2⁰
201 195 207 208 ¹
374 183 509 235 manus.
524 183 572 234 ιιι.
590 183 646 234 457.

131 333 292 394 Parvamne
306 329 418 406 Iolcon,
432 329 577 390 Thessala
591 348 629 390 an
643 328 756 408 Tempe
780 329 900 407 petaml

128 415 330 488 Quaecunque
342 411 441 490 aperui
454 411 507 470 tibi
520 412 591 484 vias,
603 411 676 470 clusi
690 409 771 468 mihi.

129 494 202 556 Quo
215 512 262 550 me
275 493 418 552 remittisl
439 492 532 550 exsuli
546 492 679 550 exsilium
693 493 826 569 imperas,

131 574 273 633 Necdas
318 573 426 632 Eatur:
447 573 545 650 regius
556 572 641 648 jussit
655 592 763 651 gener:
894 588 936 628 lec

132 653 215 712 Nihil
226 673 337 712 recuso
381 652 453 710 Dira
467 652 610 728 supplicia
624 652 746 730 ingere,
739 673 746 686 ·

132 734 238 793 Merui
281 733 418 792 Cruentis
431 731 564 808 pellicem
578 733 671 810 poenis
684 743 797 810 premat

67 823 69 828 “
132 814 276 893 Regalis
269 833 329 886 rra3
350 812 473 871 vinculis
486 823 587 870 oneret
600 833 713 889 manus,

131 896 309 972 Clusamque
323 913 392 953 saxo
406 892 499 951 noctis
514 903 629 952 aeternae
651 895 773 966 obruat3

132 975 249 1036 Minora
262 974 372 1033 meritis
381 973 482 1052 patiar.
532 973 684 1051 Ingratum
698 985 805 1053 caput
799 971 805 1013 ¹
894 989 934 1028 ms

132 1057 274 1116 Revolvat
295 1055 408 1116 animus
422 1053 523 1145 igneos
533 1055 614 1117 tauri,
619 1055 734 1128 halitus,

132 1137 270 1214 Interque
284 1155 373 1195 saevos
386 1135 482 1214 gentis
496 1135 643 1194 indomitae
657 1147 760 1209 metus,

132 1218 278 1290 Armiferc
293 1216 323 1275 in
339 1236 405 1276 arvo
418 1215 583 1274 flammeum
595 1217 690 1274 AEetae
703 1233 803 1294 pecuS,

133 1298 290 1374 Hostisque
305 1297 393 1356 subiti
406 1296 485 1367 tela3
507 1315 575 1353 cum
579 1296 682 1373 ,jussu
696 1315 772 1370 meo,

132 1377 297 1456 Terrigcna
311 1378 393 1436 miles
404 1387 505 1434 mutua
518 1377 598 1434 caede
611 1376 728 1435 occidit.
895 1391 935 1430 irc

133 1457 229 1516 Adice
243 1457 369 1535 expetita
383 1456 474 1534 spolia
487 1455 604 1514 Phrixei
620 1457 726 1531 arietis,

133 1537 320 1614 somnoque
310 1556 424 1615 jussum
437 1535 568 1594 lumina
562 1548 661 1613 ignoto
675 1538 744 1596 dare

132 1618 271 1680 Insomne
285 1627 463 1686 monstrum,
485 1617 621 1675 traditum
636 1619 753 1676 fratrem
767 1637 833 1676 neci
845 1637 853 1688 3

133 1699 172 1758 Et
186 1698 296 1756 scelere
309 1697 340 1755 in
355 1715 413 1756 uno
426 1717 485 1756 non
500 1697 588 1756 semel
603 1698 712 1756 sactum
728 1699 839 1770 scelus3

132 1779 152 1838 J
154 1798 293 1855 ussasque
306 1788 399 1852 natae,
415 1778 515 1836 fraude
530 1779 666 1855 deceptas
680 1798 755 1853 mea,
895 1793 933 1834 rra

134 1861 241 1918 Seuere
255 1859 386 1916 membra
395 1879 454 1918 non
468 1857 603 1917 revicturi
617 1858 703 1918 senis.

133 1940 241 1998 Aliena
254 1959 385 2016 quaerens
399 1959 499 2016 regna,
514 1939 629 1998 deserui
643 1959 717 1998 mea.
736 1942 753 2010 )

133 2020 189 2079 Per
203 2041 269 2098 spes
282 2031 397 2078 tuorum
411 2018 544 2094 liberum,
555 2031 585 2078 et
599 2031 710 2078 certum
724 2021 824 2094 larem,

133 2100 189 2160 Per
202 2101 280 2160 victa
292 2110 429 2172 monstra,
444 2117 494 2176 per
509 2119 613 2157 manus
615 2119 688 2192 ,prc
702 2111 730 2159 te
749 2101 854 2177 quibus

133 2180 292 2258 Nunquam
305 2180 432 2258 peperci,
447 2198 554 2256 perque
565 2181 724 2272 praeteritos
738 2191 841 2254 metus,
894 2197 934 2237 leo

137 2260 194 2320 Per
209 2263 327 2335 coelum,
342 2272 372 2319 et
386 2261 480 2318 undas
482 2260 624 2336 ,conjugi
638 2271 725 2319 testes
736 2261 804 2365 mei,

134 2339 293 2400 Miserere:
316 2341 404 2399 redde
416 2340 538 2418 supplici
552 2339 659 2398 felix
634 2355 769 2407 neem·
794 2335 875 2383 ²*
890 2317 942 2366 ⁴

134 2420 181 2479 Ex
193 2422 296 2499 opibus
310 2411 370 2478 illrs
368 2441 463 2497 ,quas
477 2421 578 2498 procul
590 2431 686 2498 raptas
698 2369 814 2498 Scytllae

134 2501 234 2577 Usque
249 2521 266 2560 a
273 2501 401 2640 perufstis
416 2501 507 2560 Indiae
522 2502 633 2578 populis
648 2512 758 2578 petunt,

133 2580 219 2644 Quas
232 2582 300 2657 quia
311 2583 415 2641 referta
428 2582 475 2641 vix
489 2583 590 2640 domus
604 2602 694 2660 gazas
708 2581 795 2660 capit,
896 2600 934 2638 rea

134 2661 282 2720 Ornamus
296 2682 365 2722 auro
378 2683 505 2738 nemora,
520 2663 561 2722 nil
575 2663 655 2722 exsul
670 2663 733 2737 tuli,

135 2741 201 2802 Nisi
217 2743 311 2802 fratris
326 2755 411 2801 artus.
457 2745 519 2803 Hos
532 2764 645 2822 quoque
659 2743 788 2820 impendi
801 2741 862 2800 tibi.

135 2823 207 2882 Tibi
221 2823 313 2901 patria
326 2823 422 2898 cessit,
436 2824 489 2882 tibi
509 2837 599 2901 pater,
615 2827 710 2899 frater,
724 2824 823 2901 pudor.

136 2903 203 2963 Hac
217 2905 283 2962 dote
297 2903 401 2981 nupsi:
424 2905 512 2962 redde
527 2905 648 2982 fugienti
662 2925 723 2964 sue.

168 3086 193 3120 v.
209 3069 266 3117 477.
278 3067 372 3117 Aliena
383 3083 498 3132 quarens
509 3071 607 3134 regna?
624 3068 725 3118 deserui
737 3083 802 3117 mea.
