2168 3638
136 163 165 246 t*
410 187 546 238 usust.
564 187 585 236 1.
602 187 641 238 24.

138 338 225 416 Pejus
237 338 360 416 precari,
375 339 481 400 liberos
495 340 603 400 similes
616 339 701 419 patri,

138 419 310 496 Similesque
325 421 418 479 matri.
460 421 548 480 Parta
558 423 629 499 jam,
644 431 726 499 parta
739 419 810 480 ultio
823 431 885 481 est:
914 439 939 477 ts

137 499 249 577 Peperi.
291 500 446 576 Querelas,
461 503 604 578 verbaque
619 503 765 560 incassum
786 521 858 560 sero.

137 579 206 638 Non
221 580 269 640 ibo
284 579 314 638 in
328 583 447 641 hostesl
475 583 610 641 manibus
624 581 770 641 excutiam
785 582 874 656 faces,

137 659 276 737 Coeloque
291 661 409 720 luceml
451 663 570 739 Spectat
584 663 640 720 hoc
654 661 744 720 nostri
762 672 838 720 sator

139 741 189 799 Sol
203 741 337 818 generis!
360 754 389 800 et
403 753 548 819 spectatur
563 763 570 813 ;
593 754 623 800 et
636 761 724 800 curru
738 741 868 800 insidens

138 821 194 880 Per
208 821 292 880 solita
305 821 369 898 puri
383 823 476 899 spatia
489 823 616 880 decurrit
629 820 705 900 poli!
912 839 939 878 so

137 900 207 960 Non
221 901 297 960 redit
310 901 340 960 in
354 914 442 976 ortus,
454 914 483 961 et
496 903 644 961 remetitur
658 902 736 960 diem
747 903 755 960 l

138 981 196 1056 Da,
211 982 249 1040 da
259 1002 310 1059 per
325 1001 409 1040 auras
423 983 555 1041 curribus
569 983 670 1061 patriis
683 982 750 1041 vehi
762 1002 770 1053 3

138 1061 295 1122 Committe
309 1063 448 1136 habenas,
462 1064 585 1140 genitor,
600 1074 630 1122 et
643 1063 833 1140 flagrantibus

138 1141 268 1219 Ignisera
281 1142 349 1201 loris
363 1143 455 1202 tribue
470 1144 611 1202 moderari
629 1143 719 1220 juga:

137 1221 263 1282 Gemino
278 1222 433 1282 Corinthos
446 1223 522 1282 litori
535 1243 684 1300 opponens
698 1242 793 1282 moras
913 1242 939 1278 ss

138 1302 276 1361 Cremuta
287 1303 411 1361 flammis
425 1303 516 1361 maria
529 1302 689 1361 committet
702 1303 768 1360 duo.

138 1382 205 1442 Hoc
219 1394 307 1442 restat
320 1403 421 1458 unum,
435 1384 594 1460 pronubam
608 1383 735 1442 thalamo
749 1383 840 1441 seram

138 1462 178 1521 Ut
192 1462 255 1540 ipsa
267 1464 367 1540 pinum
380 1484 387 1535 ;
408 1474 527 1540 postque
541 1462 688 1522 sacrificas
701 1482 803 1542 preces

139 1542 260 1602 Credam
274 1543 378 1602 dicatis
393 1542 525 1602 victimas
540 1543 686 1602 altaribus.

139 1622 195 1682 Per
209 1623 320 1682 viscera
334 1623 396 1702 ipsa
409 1643 505 1702 quaere
519 1623 660 1702 supplicio
674 1624 760 1698 viam,
914 1638 940 1680 to

140 1703 173 1763 Si
188 1703 268 1777 vivis,
284 1703 396 1764 anime:
419 1704 528 1782 siquid
544 1704 654 1781 antiqui
668 1704 721 1762 tibi

140 1784 289 1843 Remanet
302 1783 418 1862 vigoris,
432 1785 507 1862 pelle
521 1785 662 1845 femineos
676 1794 780 1860 metus,

139 1863 178 1924 Et
192 1863 394 1942 inhospitalem
409 1865 574 1924 Caucasum
590 1874 687 1923 mente
702 1863 799 1922 indue.

137 1945 344 2022 Quodcunque
358 1945 428 2004 vidit
439 1946 542 2004 Phasis
557 1957 606 2004 aut
619 1945 729 2004 Pontus
743 1943 835 2018 nefas,

139 2025 259 2085 Videbit
273 2025 407 2084 Isthmos.
449 2025 556 2100 Effera,
569 2027 677 2102 ignota,
689 2023 814 2097 horrida,
915 2040 940 2079 ts

140 2105 309 2165 Tremenda
323 2105 397 2165 coelo
410 2106 516 2184 pariter
532 2126 567 2164 ac
580 2105 663 2162 terris
676 2104 753 2162 mala

141 2185 227 2245 Mens
242 2187 319 2245 intus
334 2186 441 2264 agitat;
464 2186 592 2258 vulnera,
608 2197 637 2242 et
651 2185 771 2272 gadem,
786 2194 816 2243 et
835 2195 945 2262 vagum*

140 2266 242 2325 Funus
255 2286 306 2344 per
322 2278 408 2327 artus.
450 2265 540 2324 Levia
553 2258 709 2332 menloravi
723 2263 830 2324 nimis:

141 2346 216 2405 Haec
230 2347 310 2425 virgo
324 2347 398 2405 seci:
419 2346 531 2423 gravior
544 2355 680 2423 exsurgat
693 2344 781 2404 dolor.

140 2427 254 2504 Majora
265 2427 325 2504 jam
340 2447 386 2485 me
398 2427 509 2486 scelera
522 2437 586 2504 post
596 2437 694 2504 partus
708 2426 823 2484 decent.
915 2439 942 2480 to

141 2507 308 2586 Accingere
322 2506 374 2580 ira,
389 2518 473 2583 teque
488 2506 518 2564 in
532 2506 652 2564 exitium
665 2525 736 2584 para

141 2586 251 2646 Furore
265 2598 343 2646 toto:
364 2587 446 2664 paria
459 2597 610 2646 narrentur
624 2598 676 2646 tua
711 2605 717 2614 ·

141 2667 280 2746 Repudia
293 2667 435 2726 thalamis.
477 2667 548 2728 Quo
561 2668 653 2726 virum
667 2665 773 2744 linquis
787 2663 893 2723 modot

141 2747 218 2822 Hoc,
232 2768 288 2824 quo
302 2759 403 2806 secuta
416 2768 456 2806 es.
498 2747 615 2826 Rumpe
627 2749 686 2826 jam
699 2765 804 2824 segnes
817 2761 929 2803 moras:

127 2827 217 2891 ΧΩιιω
225 2828 334 2888 scelere
342 2839 424 2906 parta
432 2838 485 2902 est,
494 2829 603 2887 scelere
611 2828 768 2905 linquenda
775 2835 818 2882 est
829 2823 939 2883 domus.

140 3024 196 3122 Cu(i
207 3008 253 3122 δῖ..
266 3007 330 3068 Quas
353 3009 450 3060 scelere
461 3017 535 3076 pocta
557 3015 604 3072 est,
615 3009 712 3058 scelera
724 3015 852 3074 rumpetur
867 3007 942 3072 fidas

164 3088 179 3122 o
198 3108 204 3122 .
247 3089 293 3138 ips.
