2168 3638
140 176 181 236 38
423 169 562 222 MEDEA.
579 171 610 222 V.
628 171 685 222 985.

80 363 99 391 λι
127 317 169 377 ·O
183 315 298 394 placida
311 317 429 376 tandem
445 314 584 376 numina!
606 315 635 375 Ο
649 317 753 375 festum
767 315 861 376 diem!
914 335 960 375 999

34 405 37 420 ·
55 427 75 447 ,-
140 397 169 456 Ο
185 396 359 475 nuptialem!
382 399 474 474 Vade.
517 399 682 456 Perfectum
696 408 741 454 est
754 398 867 470 scelus;

139 477 280 537 Vindicta
294 480 423 546 noudum
438 499 444 536 ε
466 498 582 555 perage,
597 479 667 534 dum
682 477 794 535 faciunt
813 499 931 540 manus.

138 558 224 621 Quid
239 579 319 617 nuuc
333 559 462 631 moraris,
479 559 599 616 anime?
621 557 690 632 quid
706 557 843 616 dubitasl
858 574 956 639 potes.

139 638 206 697 Jam
224 639 331 698 cecidit
345 639 405 696 ira:
427 639 564 714 paenitet:
588 637 656 694 sacti
677 639 775 713 pudet.

138 719 234 794 Quid,
250 720 364 791 misera,
380 719 457 776 facil
479 717 600 789 Misera,
615 718 754 793 poeniteat
769 718 848 790 licet,
912 740 954 778 000

139 799 219 859 Feci.
261 799 403 875 Voluptas
415 817 521 874 magna
535 817 581 854 me
597 797 716 856 invitam
732 800 837 858 subita

138 880 178 939 Et
191 899 262 940 ecce
276 879 389 938 crescit.
432 878 540 936 Deerat
557 878 612 936 hoc
628 887 719 936 unum
736 879 818 954 mihi,

140 961 291 1038 Spectator
305 959 375 1036 ipse.
421 958 472 1016 Nil
488 959 585 1016 adhuc
600 959 709 1016 sactum
725 979 806 1019 reor:
831 966 836 974 '
857 952 860 961 ’

138 1039 292 1118 Quidquid
304 1041 367 1098 sine
382 1039 437 1098 isto
452 1038 575 1097 fecimus
590 1039 718 1112 sceleris,
733 1041 816 1116 perit.

495 1138 595 1176 rasou.
624 1134 711 1194 pap,
942 1183 946 1192 ¹

137 1201 184 1259 En
199 1201 261 1278 ipsa
271 1201 341 1260 tecti
354 1212 435 1278 parte
446 1199 588 1277 praecipiti
605 1200 747 1258 imminet.
910 1223 951 1260 900

87 1351 94 1359 Ι
138 1281 208 1339 Η99
219 1281 312 1358 rapiat
326 1283 409 1360 ignes
424 1275 536 1358 aliquia,
550 1290 582 1338 ut
596 1279 721 1339 fiammis
735 1282 821 1340 cadat

139 1361 207 1419 Suis
221 1374 346 1440 perusta

196 1467 201 1476 ·
485 1459 604 1500 Manui.

376 1521 510 1598 Congere
525 1531 685 1580 extremum
700 1523 759 1581 tuis
820 1559 824 1574 r

138 1601 235 1675 Natis,
250 1601 347 1674 Iason,
360 1602 458 1675 funus,
474 1622 508 1661 ac
519 1603 664 1661 tumulum
679 1614 766 1662 strue.
791 1596 866 1670 mla

138 1683 255 1759 Conjux
269 1701 406 1758 socerque
419 1683 498 1759 justa
509 1683 568 1760 jam
584 1682 692 1741 functis
708 1685 816 1742 habent

137 1763 229 1842 Arne
244 1761 357 1839 sepulti.
400 1763 496 1822 Natus
511 1764 560 1822 hic
573 1752 663 1822 satdin
681 1764 764 1836 tulit;
895 1783 947 1822 1000

138 1843 209 1918 Hic,
224 1853 253 1901 te
267 1843 393 1918 vidente,
408 1845 523 1903 dabitur
538 1845 628 1904 exitio
642 1843 713 1921 pari.

216 1945 219 1953 ·
488 1944 590 1984 macru.

137 2005 193 2063 Per
204 2023 315 2063 numen
329 2023 427 2076 omne,
441 2023 548 2080 perque
563 2024 735 2064 communes
750 2005 845 2083 sugas,

137 2085 301 2162 Torosque,
316 2103 388 2160 quos
401 2103 461 2144 non
477 2095 575 2142 nostra
588 2086 704 2144 violavit
715 2086 798 2160 fides,

137 2166 156 2223 J
159 2186 204 2225 am
216 2185 303 2243 parce
318 2175 395 2223 nato.
438 2163 470 2221 Si
481 2164 558 2241 quod
572 2175 616 2222 est
629 2165 752 2239 crimen,
767 2185 866 2225 meum
880 2177 944 2226 est:

137 2245 189 2304 Me
203 2247 278 2304 dede
292 2245 397 2316 morti;
418 2244 538 2303 noxium
553 2255 650 2304 macta
663 2257 760 2322 caput.
817 2277 860 2324 jc
896 2265 945 2304 1000

477 2343 595 2384 manat.

138 2405 215 2479 Hac,
227 2425 285 2482 qua
298 2425 425 2479 recusas,
440 2425 499 2482 qua
512 2405 603 2479 doles,
618 2406 725 2466 ferrum
737 2407 862 2484 exigam.

138 2487 153 2545 I
169 2506 258 2558 nunc,
274 2486 415 2563 superbe!
439 2486 583 2564 virgiuum
598 2487 741 2548 thalamos
751 2499 835 2566 pete3

31 2592 39 2602 ·
138 2564 285 2643 Relinque
299 2580 415 2626 matres.
490 2607 491 2612 κ

489 2666 589 2706 iason.

426 2759 429 2774 ·
456 2728 539 2787 Unus
553 2740 597 2787 est
610 2749 703 2806 poenae
718 2729 795 2788 satis.

486 2829 603 2867 manni.

137 2888 170 2948 Si
181 2898 277 2966 posset
291 2907 350 2947 una
364 2889 444 2947 caede
456 2889 555 2948 satiari
572 2909 687 2962 manus,
742 2893 746 2900 “

136 2969 256 3030 Nullam
269 2970 395 3048 petisset.
436 2969 476 3029 Ut'
489 2972 563 3030 duos
573 2971 714 3049 perimam
729 2980 837 3043 tamen,
894 2989 943 3028 1010

137 3051 270 3111 Nimium
285 3061 329 3109 est
342 3049 432 3110 dolori
446 3071 586 3111 numerus
601 3062 742 3130 angustus
755 3070 829 3108 meo.
