2168 3638
118 209 159 270 32
369 203 508 256 manni.
526 203 644 256 ruma

119 351 191 411 Tibi
202 351 323 412 funereo
337 351 374 410 de
388 371 467 412 more
479 351 581 429 jacens

120 432 225 491 Passos
238 431 332 509 cingit
344 431 416 490 vitta
428 431 565 508 capillos:

119 511 191 570 Tibi
202 512 327 590 jactatur
341 513 430 570 tristis
445 512 547 590 Stygia

119 592 235 652 Remus
256 593 292 650 ab
308 593 404 652 unda:
425 593 479 650 tihi
495 593 603 650 nudato

120 672 241 731 Pectore
257 672 370 731 Maenas
384 693 467 733 sacro
481 673 582 730 seriam

121 753 247 812 Brachia
260 753 363 811 cultro.

120 833 222 893 Manet
236 845 332 893 noster
346 831 465 908 sanguis
480 833 516 890 ad
532 849 603 912 aras.

121 916 276 987 Assuesce,
289 933 403 986 manus,
416 912 556 990 stringere
573 914 691 986 serrum,

120 994 266 1071 Carasque
277 995 337 1072 pati
350 1013 433 1071 posse
447 1012 574 1052 cruores.

100 1121 104 1129 .
120 1075 244 1134 Sacrum
259 1073 374 1133 laticem
388 1094 528 1152 percussa
541 1074 617 1132 dedi.

119 1155 250 1218 Quodsi
264 1155 386 1214 nimium
400 1175 476 1232 saepe
490 1155 587 1212 vocari

118 1235 271 1309 Quereris,
286 1237 358 1295 votis
372 1237 501 1312 ignosce,
514 1253 625 1312 precor.

119 1315 219 1374 Causa
232 1315 366 1390 vocandi,
380 1317 489 1389 Persei,
503 1329 569 1374 tuos

120 1397 234 1474 Saepius
248 1417 333 1456 arcus
347 1415 406 1455 une
415 1408 499 1473 atque
514 1396 617 1454 eadem

121 1477 242 1554 Semper
256 1477 352 1535 Iason.
395 1476 445 1534 Tu
460 1495 539 1534 nunc
553 1486 648 1535 vestes

120 1555 221 1633 Tinge
236 1557 367 1630 Creusae,
380 1575 453 1632 quas
467 1575 534 1614 cum
550 1557 678 1633 primum

121 1637 274 1706 sumserit,
290 1637 363 1695 imas
382 1647 447 1695 uret
460 1657 579 1714 serpens

121 1716 256 1775 Flamma
276 1716 427 1776 medullas.
470 1717 551 1794 ignis
564 1717 641 1776 sulvo

120 1797 228 1856 Clusae
243 1797 273 1855 in
289 1817 358 1856 auro
372 1797 442 1856 latet
455 1798 615 1869 obscurus3

118 1876 219 1939 Quem
235 1878 318 1951 mihi,
334 1878 400 1935 coeli
415 1878 464 1954 qui
480 1879 555 1938 surta
568 1879 623 1937 luit

119 1957 241 2016 Viscere
253 1960 321 2031 feto,
336 1957 426 2031 dedit,
440 1969 470 2016 et
484 1959 585 2018 docuit

119 2038 253 2096 Condere
267 2038 341 2097 vires
356 2050 416 2096 arte
431 2038 630 2100 Prometheus.

119 2117 209 2178 Dedit
222 2130 251 2178 et
262 2121 344 2178 tenui
358 2118 466 2176 sulfure
480 2129 572 2177 tectos

119 2197 267 2259 Mulciber
282 2202 381 2278 ignes:
403 2209 432 2257 et
446 2199 554 2257 vivacis

120 2278 249 2357 Fulgura
264 2280 388 2339 flammae
404 2281 440 2337 de
455 2291 579 2357 cognato

119 2358 301 2418 Phaethonte
316 2361 378 2420 tuli.
422 2361 527 2420 Habeo
542 2361 645 2419 mediae

90 2493 94 2498 ,
119 2438 205 2498 Dona
216 2440 378 2498 Chimaerae.

119 2519 223 2579 Habeo
238 2519 370 2579 flammas
385 2531 449 2579 usto
462 2519 538 2579 tauri

118 2599 243 2658 Gutture
258 2615 353 2677 raptas
367 2621 374 2671 ;
396 2621 468 2678 quas
482 2600 624 2678 permixto

120 2679 200 2738 Felie
215 2679 347 2740 Medusae
363 2681 483 2740 tacitum
496 2681 570 2758 jussi

119 2759 240 2818 Servare
257 2761 375 2820 malum.

118 2841 205 2898 Adde
219 2841 338 2900 venenis
352 2840 495 2916 stimulos,
511 2843 651 2915 Hecate3¹

118 2919 266 2997 Donisqae
282 2922 354 2981 meis
369 2922 482 2982 semina
493 2922 617 2981 flamme

117 2999 245 3059 Condita
261 3021 361 3072 serva;
391 3001 491 3062 fallant
505 3005 592 3077 visus,

117 3079 285 3158 'Pectusque
297 3083 398 3143 serant.
441 3084 522 3144 Meet
535 3084 566 3142 in
579 3095 682 3163 pectus
