2168 3638
440 220 574 272 Munus.
592 219 613 270 1.
629 219 670 270 56.

440 483 449 494 -
483 453 621 513 Cuonns.

116 584 135 664 f
150 613 200 674 Ad
213 633 315 693 regum
328 613 470 674 thalamos
483 614 604 672 numine
611 633 763 692 prospero,

148 694 213 758 Qui
227 697 333 754 coelum
349 694 462 772 Superi,
477 694 583 772 quique
597 705 702 772 regunt
716 695 830 768 fretum,

149 775 258 834 Adsint
272 795 340 834 cum
353 775 466 853 populis
479 775 533 834 rite
545 776 716 834 laventibus.

148 854 264 914 Primus
277 855 452 934 sceptriferis
466 856 541 915 colle
554 855 739 915 Tonantibus

106 999 108 1002 ,
147 934 267 994 Taurus
281 936 359 994 celse
374 936 446 995 serat
459 946 572 1014 tergore
587 937 721 996 candido.
832 980 836 988 ,

148 1015 336 1074 Lucinam
307 1036 384 1074 niver
375 1015 507 1075 semina
519 1017 646 1094 corporis

148 1094 319 1155 Intentata
308 1115 380 1188 Jugo
393 1097 504 1180 placet:
526 1107 564 1170 et,
581 1065 758 1174 aspenlr·
782 1071 830 1112 ¹¹⁰

148 1175 254 1234 Mortis
268 1177 444 1255 sanguineas
457 1197 520 1253 quae
534 1177 651 1236 cohibet
664 1196 777 1250 manus,

147 1253 226 1318 Quae
240 1257 291 1315 dat
304 1256 448 1348 belligeris
462 1258 572 1316 foedere
584 1259 730 1350 gentibus,

77 1409 79 1414 ,
147 1335 187 1394 Et
201 1356 291 1396 cornu
306 1337 411 1397 retinet
424 1338 512 1396 divite
527 1339 651 1416 copiam,

147 1415 280 1476 Donetur
294 1427 395 1477 tenera
408 1418 503 1477 mitior
525 1419 627 1477 hostia.

147 1495 187 1556 Et
201 1508 231 1556 tu
233 1518 305 1575 ,qur
297 1497 431 1557 facibus
445 1498 582 1590 legitimis
596 1499 675 1571 sdes,

146 1576 274 1637 Noctem
289 1578 450 1638 discutiens
464 1579 582 1657 auspice
596 1578 726 1652 dexteru,

147 1655 217 1716 Huc
231 1659 336 1717 incede
350 1660 443 1737 gradu
457 1659 604 1718 marcidus
617 1658 708 1732 ebrio,

145 1737 332 1816 Precingens
345 1759 427 1800 roseo
432 1751 572 1832 temporo
585 1705 710 1798 vinoulo'.

146 1818 185 1878 Et
197 1830 228 1878 tu
230 1838 316 1897 ,quae
330 1820 441 1898 gemini
454 1820 561 1897 praeviu
573 1819 710 1897 temporis

145 1898 246 1958 Turde
260 1899 342 1960 stella
355 1901 433 1960 redis
447 1919 559 1977 semper
574 1900 753 1959 ementibus.

145 1978 193 2038 Te
206 1992 313 2040 matres
327 1981 428 2055 avide,
442 1991 472 2039 te
486 1980 609 2058 cupiunt
627 1999 727 2052 nurus,

143 2057 371 2154 Quamprimum
383 2028 479 2120 rellios
493 2075 628 2164 sporgere
641 2060 762 2120 lucidos

184 2141 325 2200 Vincit'
300 2142 448 2220 virgineus
462 2135 598 2201 decor'

145 2219 247 2298 Longe
261 2222 448 2299 Cecropies'
435 2241 542 2280 nurus:

145 2299 184 2358 Et
197 2319 268 2377 quas
279 2301 427 2379 Taygeti'
417 2301 495 2379 Jugis

145 2379 292 2440 Exercet
281 2401 421 2458 Juvenum
435 2381 531 2454 modo,

143 2459 238 2519 Muris
251 2461 327 2538 quod
341 2472 430 2535 caret,
444 2462 581 2540 oppidum
596 2480 603 2533 ;

143 2541 183 2600 Et
195 2560 267 2618 quas
280 2541 395 2601 Aonius
408 2541 495 2616 latex,

143 2621 329 2700 Alpheosque
342 2639 425 2682 sacer
437 2621 522 2681 lavat.

143 2701 176 2759 Si
190 2702 282 2762 forma
294 2701 363 2761 velit
377 2702 498 2780 udspici,

142 2781 257 2842 Cedent
271 2783 394 2843 AEsonio
408 2782 476 2841 duci

142 2861 240 2922 Proles
254 2863 383 2922 fulminis
397 2862 529 2940 improbi,

141 2942 232 3021 Aptst
244 2943 294 3021 qui
305 2943 378 3022 juga
390 2943 512 3021 tigribus
524 2964 531 3014 ;

141 3022 267 3085 Necnon
280 3025 330 3102 qui
344 3023 471 3103 tripodas
484 3033 589 3098 movet,

141 3103 243 3166 Frater
256 3105 377 3185 virginii
392 3124 509 3184 asperae.

380 3185 416 3246 μ
