2168 3638
399 200 945 262 Manan.11.sso.13

145 346 274 410 Terrore
286 349 431 427 pavidum.
472 348 592 428 Quippe
605 359 634 407 te
647 365 742 426 pranae
756 346 865 426 expetit
905 365 945 404 aaa

145 430 275 508 Letoque
290 432 417 490 Acastus
430 448 522 506 regna
535 429 708 488 Thessalica
720 427 863 488 obtinens.

147 511 237 570 Senio
250 522 420 570 trementem
435 510 523 568 debili
539 521 622 586 atque
638 529 698 568 aero
711 528 828 587 gravem

145 590 261 650 Patrem
275 602 436 670 peremtum
451 591 588 667 queritur,
603 603 632 648 et
645 590 713 648 cresi
728 589 806 648 senis

42 740 44 743 ¹
145 671 277 730 Discissa
292 673 439 743 membra;
461 690 528 729 cum
543 671 609 730 dolo
622 682 714 748 captae
730 681 780 729 tuo
906 687 946 726 aec

147 752 208 810 Piae
224 771 336 812 sorores
350 753 470 830 impium
486 753 625 811 auderent
638 752 729 810 nefas.

144 832 244 892 Potest
258 834 356 907 Iason,
372 833 396 891 si
410 843 489 891 tuam
503 846 622 890 causam
642 850 766 906 amoves,

146 913 238 972 Suam
251 912 335 971 tueri.
376 912 407 971 N
409 913 483 971 ullus
497 913 655 972 innocuum
669 932 754 971 cruor

147 993 383 1053 contaminavit:
413 994 504 1052 abfuit
519 994 594 1052 ferro
607 1012 726 1064 manus;

145 1071 307 1150 Proculque
321 1083 415 1132 vestro
428 1093 516 1151 purus
531 1093 548 1131 a
561 1084 638 1132 coetu
649 1074 736 1132 stetit.
909 1093 947 1130 aas

146 1153 206 1225 Tu,
218 1165 251 1212 tu
264 1153 404 1213 malorum
419 1154 612 1212 machinatrix
623 1154 794 1228 facinorum,

147 1233 206 1292 Cui
221 1233 346 1293 feminea
357 1235 495 1311 nequitia,
508 1236 545 1293 ad
561 1235 726 1292 audendum
740 1234 840 1294 omnia

146 1313 238 1373 Virile
252 1315 347 1389 r'obur,
363 1315 443 1374 nulla
456 1316 540 1374 famae
556 1315 694 1374 memoria
707 1326 775 1392 est„

147 1393 312 1472 Egredere:
332 1415 425 1473 purga
438 1415 546 1474 regna;
568 1395 668 1454 letales
682 1395 767 1453 simul

146 1475 262 1534 Tecum
277 1476 357 1534 aufer
371 1477 483 1534 herbas.
526 1476 633 1534 Libera
646 1476 724 1534 cives
738 1486 837 1535 metu:
908 1495 948 1535 ero

145 1555 215 1615 Alia
229 1557 333 1616 sedens
346 1556 448 1615 tellure
463 1557 586 1616 sollicita
599 1556 687 1617 Deos.

487 1656 608 1695 nanas.

146 1715 303 1794 Profugere
316 1717 418 1794 cogisl
439 1719 528 1776 redde
543 1717 665 1794 fugienti
679 1729 780 1792 ratem,
847 1779 849 1784 ,

146 1797 202 1856 Vel
216 1799 305 1856 redde
320 1798 463 1858 comitem.
506 1797 621 1875 Fugere
635 1817 686 1856 cur
700 1799 790 1858 solam
801 1799 906 1877 jubesl

87 1907 89 1911 ·
146 1876 215 1936 Non
230 1878 291 1938 sola
304 1879 380 1938 veni.
423 1879 506 1938 Bella
520 1878 544 1936 si
559 1879 664 1937 metuis
678 1880 748 1956 pati,

145 1956 304 2036 Utrumque
318 1979 409 2037 regno
422 1959 505 2036 pelle.
548 1959 608 2017 Cur
623 1971 719 2019 sontes
734 1961 807 2019 duos
907 1975 947 2015 aas

145 2037 329 2118 Distinguisl
350 2039 392 2098 illi
406 2040 496 2113 Pelia,
511 2059 569 2098 non
584 2040 667 2098 nobis
679 2041 766 2118 jacet.

73 2131 118 2168 r
118 2119 127 2154 ¹
125 2118 260 2196 Fugam
273 2123 445 2198 rapinasque
460 2087 565 2192 adice;
587 2121 732 2180 desertum
745 2131 866 2198 patrem,

147 2198 346 2291 Lucerumque
361 2201 486 2261 fratrem.
520 2199 674 2278 Quidquid
688 2201 847 2260 etiamnum
857 2221 947 2261 novas

147 2277 243 2337 Docet
255 2281 374 2338 maritus
387 2282 536 2359 conjuges,
550 2300 609 2340 non
624 2292 668 2340 est
681 2301 787 2339 meum.

147 2358 251 2418 Toties
264 2379 373 2420 nocens
386 2381 450 2419 sum
464 2362 550 2434 facta,
565 2361 615 2420 sed
631 2381 779 2438 nunquam
793 2363 875 2422 mihi
909 2380 947 2423 teo

486 2461 598 2500 canon.

147 2520 215 2580 Jam
229 2519 322 2578 exisse
336 2521 452 2581 decuit:
473 2522 542 2599 quid
554 2521 625 2581 seris
639 2523 726 2582 faudo
740 2526 857 2584 morasl

487 2621 603 2660 uanas.

147 2680 276 2759 Supplex
285 2681 430 2740 recedens
443 2681 514 2742 illud
530 2693 690 2742 extremum
703 2705 815 2762 precor,

147 2761 195 2820 Ne
209 2761 296 2840 culpa
309 2774 392 2822 natos
405 2764 504 2822 matris
518 2763 647 2822 insontes
660 2767 763 2826 trahat

486 2863 599 2903 onnon.

147 2922 248 2982 Vade.
271 2924 323 2982 hos
336 2933 466 3002 patemo,
481 2936 513 2983 ut
524 2925 647 3002 genitor,
658 2925 802 3003 excipiam
816 2928 892 2987 sinu.

483 3025 632 3064 manna.-

146 3081 202 3141 Per
215 3103 271 3161 ego
286 3085 450 3225 auspicatos
463 3086 537 3164 regii
548 3086 668 3147 thalami
682 3097 768 3164 toros,
839 3099 841 3102 ’
908 3107 947 3146 ase
